<?xml version="1.0" encoding="UTF-8"?><collection xmlns="http://www.loc.gov/MARC21/slim"><record><leader>00646nam--2200205-i-4500</leader><controlfield tag="001">000013122</controlfield><controlfield tag="002">20161230</controlfield><controlfield tag="005">20161230201030</controlfield><controlfield tag="008">060222s1000------------r-----000-0-fre-d</controlfield><datafield ind1=" " ind2=" " tag="040"><subfield code="a">IFIN-HH</subfield></datafield><datafield ind1=" " ind2=" " tag="041"><subfield code="a">fre</subfield></datafield><datafield ind1=" " ind2=" " tag="080"><subfield code="a">537.311.322</subfield></datafield><datafield ind1="1" ind2=" " tag="100"><subfield code="a">Baranski, Piotr</subfield></datafield><datafield ind1="1" ind2="0" tag="245"><subfield code="a">Electronique des semiconducteurs. proprietes des materiaux. aide-memoire</subfield><subfield code="b">Traduit du russe par s. medvedev</subfield><subfield code="c">Piotr baranski, vladimir klotchkov, ivan potykevitch</subfield></datafield><datafield ind1=" " ind2=" " tag="260"><subfield code="a">Moscou</subfield><subfield code="b">Editions Mir</subfield><subfield code="c">1978</subfield></datafield><datafield ind1=" " ind2=" " tag="300"><subfield code="a">DEUX PARTIES</subfield></datafield><datafield ind1="1" ind2=" " tag="700"><subfield code="a">Potykevitch, Ivan</subfield></datafield><datafield ind1="1" ind2=" " tag="787"><subfield code="a">Deuxieme Partie</subfield><subfield code="h">671p</subfield></datafield><datafield ind1=" " ind2=" " tag="852"><subfield code="a">47227</subfield><subfield code="c">537.311.33</subfield></datafield><datafield ind1=" " ind2=" " tag="CAT"><subfield code="a">Sys</subfield><subfield code="c">20110725</subfield><subfield code="h">161935</subfield></datafield></record></collection>